@BOOK{brimicombe_li:application_area,
	AUTHOR = "Allan Brimicombe and Chao Li",
	TITLE = "Location-Based Services and Geo-Information Engineering",
	PUBLISHER = "John Wiley + Sons Ltd.",
	YEAR = "2009"
}
@TECHREPORT{goldmedia:lbs,
	AUTHOR = "Prof. Dr. Klaus Goldhammer",
	TITLE = "Location-based Services Monitor 2014",
	INSTITUTION = "Goldmedia GmbH Strategy Consulting",
	YEAR = "2014"
}
@BOOK{Schiller2004,
	AUTHOR = {Schiller, Jochen AND Voisard, Agn√®s},
	YEAR = {2004},
	TITLE = {Location-Based Services - },
	EDITION = {1. Aufl.},
	ISBN = {978-0-080-49172-1},
	PUBLISHER = {Elsevier},
	ADDRESS = {Amsterdam},
}
@BOOK{Kuepper2005,
	AUTHOR = {Kuepper, Axel},
	YEAR = {2005},
	TITLE = {Location-Based Services - Fundamentals and Operation},
	EDITION = {},
	ISBN = {978-0-470-09232-3},
	PUBLISHER = {John Wiley and Sons},
	ADDRESS = {New York},
}
 