@BOOK{brimicombe_li:application_area,
	AUTHOR = "Allan Brimicombe and Chao Li",
	TITLE = "Location-Based Services and Geo-Information Engineering",
	PUBLISHER = "John Wiley + Sons Ltd.",
	YEAR = "2009"
}
